@misc{grabowno_intro,
 AUTHOR = { Google Street View},
 YEAR = 2019,
 ANNOTE = {https://www.google.com/maps/contrib/113318460921873169048},
 PUBLISHER = {https://www.google.com/streetview/}.
}
@misc{plan_intro,
	AUTHOR = { Geoportal Krajowy},
	YEAR = 2023,
	PUBLISHER = {https://mapy.geoportal.gov.pl/imap/Imgp_2.html}.
}